@INPROCEEDINGS{nmfpaper,  
	author={Sherman, Jonah},  
	booktitle={2013 IEEE 54th Annual Symposium on Foundations of Computer Science},   
	title={Nearly Maximum Flows in Nearly Linear Time},   
	year={2013},  
	volume={},  
	number={},  
	pages={263-269},  
	doi={10.1109/FOCS.2013.36}
}
%6686162